@Article{Prosser93Hybrid,
 author = {Patrick Prosser},
 title = {Hybrid Algorithms For the Constraint Satisfaction Problem},
 journal = {Computational Intelligence},
 year = {1993},
 volume = {9},
 number = {3},
 pages = {268--299},
}

@Article{Chao,
author = {I-Ming Chao},
title = {A tabu search method for the truck and trailer routing problem},
journal = {Computers \& operators research},
year = {2002},
volume = {29},
pages = {33--51}
}

@Article{UDerigs,
author = {Ulrich Derigs
, Markus Pullmann, Ulrich Vogel},
title = {Truck and trailer routing-Problems, heuristics and
computational experience},
journal = {Computers & Operations Research},
year = {2013},
volume = {40},
pages = {536-546}
}
@Article{Gerdessen,
author = {Johanna C. Gerdessen },
title = {Vehicle routing problem with trailers},
journal = {European Journal of Operational Research},
year = {(1996},
volume = {93},
pages = { 135-147}
}
@Article{TTDP,
author = {G. B. DANTZIG AND J. H. RAMSER},
title = {The Truck Dispatching Problem},
journal = {Management Science},
year = {1959},
volume = {6},
pages = { 80-91}
}

@Article{Vahrenmap,
author = {R. Vahrenkamp},
title = {Transportation Logistic in Rural Setting, The Case of Milk
Collection},
journal = {Technical Report},
year = {1989},
volume = {5}
}

@Article{Glover,
author = {Fred Glover},
title = {FUTURE PATHS FOR INTEGER PROGRAMMING AND LINKS TO
ARTIFICIAL INTELLIGENCE},
journal = {Computers & Operations Research},
year = {1986},
volume = {5},
pages = {533-549}
}

@Article{CMT,
author = {Christofides N, Mingozzi A, Toth P},
title = {The vehicle routing problem},
journal = {Computers & Operations Research},
year = {1979},
pages = {315-38}
}

@Article{ Villegas,
author = {Juan G. Villegas, Christian Prins, Caroline Prodhon, Andr√©s L. Medaglia, Nubia Velasco },
title = {A matheuristic for the truck and trailer routing problem},
journal = {European Journal of Operational Research},
year = {2013},
volume = {230},
pages = {231-244}
}

@Article{TTRPTW,
author = {Shin-Wei  Lin, Vincent F. YU, Chung-Cheng Lu },
title = {A simulated annealing heuristic for the truck and trailer routing problem
with time windows},
journal = {Expert System with Applications},
year = {2011},
volume = {38},
pages = {15244-15252}
}

@Article{GRASP,
author = {C. Prins},
title = {A GRASP x evolutionary local search hybrid for the vehicle routing problem},
journal = {Bio-inspired Algorithms for the  Vehicle Routing Problem},
year = {2009},
volume = {},
pages = {636-647}
}